 %**********************************************************************************************************************

@Book{diveintopython,
  title=	{Dive Into Python},
  author=	{Mark Pilgrim},
  address = {Apex},
  publisher=	{Apress},
  year=		{2004},
  isbn =	{978-1-59059-356-1},
}

@Booklet{ucebnicepython,
  title  =	{Učebnice jazyka Python (aneb Létající cirkus)},
  author=	{Jan Švec},
  year =        {2002},
  url   =	{http://www.root.cz/knihy/ucebnice-jazyka-python/},
  note   =	{Česká verze knihy Python tutorial od Guida van Rossuma a Freda L. Drakea},
}

@Online{iskn,
  key	=	 {zweb:cuzk},
  title  =	{Informační systém katastru nemovitostí - ISKN},
  cited =        {2017-12-14},
  url   =	{http://www.cuzk.cz/Katastr-nemovitosti/O-katastru-nemovitosti/Informacni-system-katastru-nemovitosti-ISKN.aspx},
}

@Online{cookbook,
  key	=	 {zweb:cookbook},
  title  =	{PyQGIS Developer Cookbook},
  cited =        {2017-12-10},
  url   =	{http://docs.qgis.org/testing/en/docs/pyqgis_developer_cookbook/},
}

@Online{vugtk,
  key	=	 {zweb:vugtk},
  title  =	{Terminologický slovník zeměměřictví a katastru nemovitostí},
  cited =    {2017-12-10},
  url   =	{https://www.vugtk.cz/slovnik},
}

@Online{gdal,
  key	=	 {zweb:gdal},
  title  =	{GDAL - Geospatial Data Abstraction Library},
  cited =    {2017-12-14},
  url   =	{http://www.gdal.org/},
}

@Online{gdal_wiki,
  key	=	 {zweb:gdal_wiki},
  title  =	{GDAL},
  cited =    {2017-12-14},
  url   =	{https://cs.wikipedia.org/wiki/GDAL},
}

@Online{python,
  key	=	 {zweb:python},
  title  =	{python},
  cited =    {2017-12-14},
  url   =	{https://www.python.org/},
}

@Online{pyqt,
  key	=	 {zweb:pyqt},
  title  =	{About PyQt},
  cited =    {2017-12-14},
  url   =	{https://wiki.python.org/moin/PyQt},
}

@Online{qt,
  key	=	 {zweb:qt},
  title  =	{The Qt Company},
  cited =    {2017-12-16},
  url   =	{https://www.qt.io/company/},
}

@Online{qt_wiki,
  key	=	 {zweb:qt},
  title  =	{Qt(software)},
  cited =    {2017-12-16},
  url   =	{https://en.wikipedia.org/wiki/Qt_(software)},
}

@Online{gisoft,
  key	=	 {zweb:gisoft},
  title  =	{GISoft},
  cited =    {2017-12-16},
  url   =	{http://www.gisoft.cz/Moduly/ImportVFK},
}

@Online{spirit_vfk,
  key	=	 {zweb:georeal},
  title  =	{Spirit VFK},
  cited =    {2017-12-16},
  url   =	{http://www.georeal.cz/cz/spirit-desktop/spirit-vfk},
}

@Online{topol,
  key	=	 {zweb:topol},
  title  =	{TopoL xT},
  cited =    {2017-12-16},
  url   =	{http://www.topol.eu/articles/software#topol-xt},
}

@Online{kokes_cvut,
  key	=	 {zweb:gepro},
  title  =	{Kokeš},
  cited =    {2017-12-16},
  url   =	{http://geo3.fsv.cvut.cz/~soukup/dip/bukovsky/1.htm},
}

@Online{arcgis,
  key	=	 {zweb:arcgis},
  title  =	{ISKN Studio},
  cited =    {2017-12-16},
  url   =	{https://www.arcdata.cz/produkty/software-arcdata/import-iskn},
}


@Online{struktura_ISKN,
  key	=	 {zweb:struktura_ISKN},
  title  =	{Struktura ISKN},
  cited =    {2017-12-16},
  url   =	{http://www.cuzk.cz/Katastr-nemovitosti/Poskytovani-udaju-z-KN/Vymenny-format-KN/Vymenny-format-ISKN-v-textovem-tvaru/Popis_VF_ISKN-v5_0-(1).aspx},
}

@Online{vfk2dwg,
  key	=	 {zweb:cadstudio},
  title  =	{VFK2DWG},
  cited =    {2017-12-17},
  url   =	{http://www.cadstudio.cz/vfk2dwg},
}

@Online{vfk2db,
  key	=	 {zweb:cadstudio},
  title  =	{VFK2DB},
  cited =    {2017-12-17},
  url   =	{http://www.cadstudio.cz/vfk},
}

@Online{vfk_driver,
  key	=	 {zweb:gdal},
  title  =	{VFK driver},
  cited =    {2017-12-17},
  url   =	{http://gdal.org/drv_vfk.html},
}